<record><leader>00000cas a22000007a 4500</leader><controlfield tag="001">15045948</controlfield><controlfield tag="008">870108d19711976inudn ne      0    0eng d</controlfield><datafield ind1=" " ind2=" " tag="010"><subfield code="a">sn 87055034 </subfield></datafield><datafield ind1=" " ind2=" " tag="040"><subfield code="a">NPI</subfield><subfield code="b">eng</subfield><subfield code="c">NPI</subfield><subfield code="d">OCLCQ</subfield></datafield><datafield ind1=" " ind2=" " tag="042"><subfield code="a">msc</subfield></datafield><datafield ind1="0" ind2="0" tag="245"><subfield code="a">Daily Tipton tribune.</subfield></datafield><datafield ind1="3" ind2="0" tag="246"><subfield code="a">Tipton tribune</subfield></datafield><datafield ind1=" " ind2=" " tag="260"><subfield code="a">Tipton, Ind. :</subfield><subfield code="b">[s.n.],</subfield><subfield code="c">1971-1976.</subfield></datafield><datafield ind1=" " ind2=" " tag="310"><subfield code="a">Daily (except Sun.)</subfield></datafield><datafield ind1="0" ind2=" " tag="362"><subfield code="a">Vol. 76, no. 94 (Apr. 21, 1971)-v. 80, no. 158 (July 6, 1976).</subfield></datafield><datafield ind1=" " ind2=" " tag="752"><subfield code="a">United States</subfield><subfield code="b">Indiana</subfield><subfield code="c">Tipton</subfield><subfield code="d">Tipton.</subfield></datafield><datafield ind1="0" ind2="0" tag="780"><subfield code="t">Tipton daily tribune</subfield><subfield code="w">(DLC)sn 87055033</subfield></datafield><datafield ind1="0" ind2="0" tag="785"><subfield code="t">Tribune (Tipton, Ind.)</subfield><subfield code="w">(DLC)sn 87055035</subfield></datafield></record>